
@article{memcached,
  author = {Brad Fitzpatrick},
  title = {Distributed Caching with Memcached},
  journal = {Linux Journal},
  year = {2004}
}

@inproceedings{chord,
  author = {Stoica, Ion and Morris, Robert and Karger David and Kaashoek, M. Frans and Balakrishnan, Hari },
  title = {Chord: A Scalable Peer-to-peer Lookup Service for Internet Applications},
  booktitle = {Special Interest Group on Data Communication},
  year = {2001}
}

@inproceedings{chashing,
  author = {Karger, David and Lehman, Eric and Leighton, Tom and Levine, Matthew and Lewin, Daniel and Panigrahy, Rina},
  title = {Consistent Hashing and Random Trees: Distributed Caching Protocols for Relieving Hot Spots on the World Wide Web},
  booktitle = {Proceedings of the Twenty-Ninth Annual ACM Symposium on Theory of Computing},
  year = {1997}
}

@INPROCEEDINGS{bayou,
      author = {Douglas Terry and Marvin Theimer and Karin Petersen and Alan Demers and Mike Spreitzer and Carl Hauser},
      title = {Managing Update Conflicts in Bayou, a Weakly Connected Replicated Storage System},
      booktitle = {In Proceedings of the Fifteenth ACM Symposium on Operating Systems Principles},
      year = {1995},
      pages = {172--183}
}
